<record><leader>00000cas a22000007a 4500</leader><controlfield tag="001">15241666</controlfield><controlfield tag="008">870226d18871893inuwr ne      0    0eng d</controlfield><datafield ind1=" " ind2=" " tag="010"><subfield code="a">sn 87055137 </subfield></datafield><datafield ind1=" " ind2=" " tag="040"><subfield code="a">NPI</subfield><subfield code="b">eng</subfield><subfield code="c">NPI</subfield><subfield code="d">OCLCQ</subfield></datafield><datafield ind1=" " ind2=" " tag="042"><subfield code="a">msc</subfield></datafield><datafield ind1="0" ind2=" " tag="130"><subfield code="a">Parke County news (Bridgeton, Ind.)</subfield></datafield><datafield ind1="1" ind2="0" tag="245"><subfield code="a">Parke County news.</subfield></datafield><datafield ind1=" " ind2=" " tag="260"><subfield code="a">Bridgeton, Parke County, Ind. :</subfield><subfield code="b">James T. Buck,</subfield><subfield code="c">-1893.</subfield></datafield><datafield ind1=" " ind2=" " tag="310"><subfield code="a">Weekly</subfield></datafield><datafield ind1="1" ind2=" " tag="362"><subfield code="a">Began in Jan. 1887.</subfield></datafield><datafield ind1="0" ind2=" " tag="362"><subfield code="a">-v. 6, no. 35 (Sept. 29, 1893).</subfield></datafield><datafield ind1=" " ind2=" " tag="588"><subfield code="a">Description based on: Vol. 4, no. 1 (Jan. 30, 1891).</subfield></datafield><datafield ind1=" " ind2=" " tag="752"><subfield code="a">United States</subfield><subfield code="b">Indiana</subfield><subfield code="c">Parke</subfield><subfield code="d">Bridgeton.</subfield></datafield><datafield ind1="0" ind2="0" tag="785"><subfield code="t">Bridgeton bulletin</subfield><subfield code="w">(DLC)sn 87055138</subfield></datafield></record>